[gd_scene load_steps=29 format=1]

[ext_resource path="res://sprites/tileset/tileset.tres" type="TileSet" id=1]
[ext_resource path="res://scenes/player.tscn" type="PackedScene" id=2]
[ext_resource path="res://scenes/snake_enemie.tscn" type="PackedScene" id=3]
[ext_resource path="res://scripts/snake_enemie_letal_area.gd" type="Script" id=4]
[ext_resource path="res://sprites/tileset/parallax background/plx-1.png" type="Texture" id=5]
[ext_resource path="res://sprites/tileset/parallax background/plx-2.png" type="Texture" id=6]
[ext_resource path="res://sprites/tileset/parallax background/plx-3.png" type="Texture" id=7]
[ext_resource path="res://sprites/tileset/parallax background/plx-4.png" type="Texture" id=8]
[ext_resource path="res://sprites/tileset/parallax background/plx-5.png" type="Texture" id=9]
[ext_resource path="res://scenes/moedas.tscn" type="PackedScene" id=10]
[ext_resource path="res://scenes/block.tscn" type="PackedScene" id=11]
[ext_resource path="res://scenes/platform_wood.tscn" type="PackedScene" id=12]
[ext_resource path="res://scenes/break_block.tscn" type="PackedScene" id=13]
[ext_resource path="res://sprites/tileset/arcade_platformerV2.png" type="Texture" id=14]
[ext_resource path="res://scenes/tip.tscn" type="PackedScene" id=15]
[ext_resource path="res://scripts/tip_content.gd" type="Script" id=16]
[ext_resource path="res://fonts/jup.fnt" type="BitmapFont" id=17]
[ext_resource path="res://scripts/type_writer.gd" type="Script" id=18]
[ext_resource path="res://scripts/controller.gd" type="Script" id=19]
[ext_resource path="res://scenes/down_plataform.tscn" type="PackedScene" id=20]
[ext_resource path="res://scenes/gyratory_mass.tscn" type="PackedScene" id=21]

[sub_resource type="Animation" id=1]

resource/name = "default"
length = 2.0
loop = true
step = 0.1
tracks/0/type = "value"
tracks/0/path = NodePath(".:transform/pos")
tracks/0/interp = 1
tracks/0/imported = false
tracks/0/keys = {
"times": FloatArray( 0, 1 ),
"transitions": FloatArray( 1, 1 ),
"update": 0,
"values": [ Vector2( 512, 67 ), Vector2( 422, 67 ) ]
}
tracks/1/type = "value"
tracks/1/path = NodePath(".:transform/scale")
tracks/1/interp = 1
tracks/1/imported = false
tracks/1/keys = {
"times": FloatArray( 1, 2 ),
"transitions": FloatArray( 1, 1 ),
"update": 1,
"values": [ Vector2( -1, 1 ), Vector2( 1, 1 ) ]
}

[sub_resource type="RectangleShape2D" id=2]

custom_solver_bias = 0.0
extents = Vector2( 17.3637, 8.53777 )

[sub_resource type="Animation" id=3]

length = 1.0
loop = true
step = 0.1
tracks/0/type = "value"
tracks/0/path = NodePath(".:transform/pos")
tracks/0/interp = 1
tracks/0/imported = false
tracks/0/keys = {
"times": FloatArray( 0, 0.5 ),
"transitions": FloatArray( 1, 1 ),
"update": 0,
"values": [ Vector2( 144, 160 ), Vector2( 144, 208 ) ]
}

[sub_resource type="Animation" id=4]

length = 1.0
loop = true
step = 0.1
tracks/0/type = "value"
tracks/0/path = NodePath(".:transform/pos")
tracks/0/interp = 1
tracks/0/imported = false
tracks/0/keys = {
"times": FloatArray( 0, 0.5 ),
"transitions": FloatArray( 1, 1 ),
"update": 0,
"values": [ Vector2( 288, 208 ), Vector2( 208, 208 ) ]
}

[sub_resource type="AtlasTexture" id=5]

atlas = ExtResource( 14 )
region = Rect2( 32, 96, 16, 16 )
margin = Rect2( 0, 0, 0, 0 )

[sub_resource type="AtlasTexture" id=6]

atlas = ExtResource( 14 )
region = Rect2( 64, 96, 16, 16 )
margin = Rect2( 0, 0, 0, 0 )

[sub_resource type="AtlasTexture" id=7]

atlas = ExtResource( 14 )
region = Rect2( 32, 112, 16, 16 )
margin = Rect2( 0, 0, 0, 0 )

[node name="game_demo" type="Node"]

[node name="map" type="TileMap" parent="."]

mode = 0
tile_set = ExtResource( 1 )
cell/size = Vector2( 16, 16 )
cell/quadrant_size = 16
cell/custom_transform = Matrix32( 1, 0, 0, 1, 0, 0 )
cell/half_offset = 2
cell/tile_origin = 0
cell/y_sort = false
collision/use_kinematic = false
collision/friction = 1.0
collision/bounce = 0.0
collision/layers = 2
collision/mask = 1
occluder/light_mask = 1
tile_data = IntArray( 131071, 11, 196607, 11, 262143, 11, 327679, 11, 262153, 91, 262154, 92, 262158, 89, 262159, 90, 262175, 87, 262176, 88, 393215, 11, 327688, 0, 327689, 38, 327690, 38, 327691, 40, 327692, 40, 327693, 40, 327694, 42, 327695, 42, 327696, 44, 327699, 50, 327700, 53, 327701, 54, 327702, 55, 327705, 0, 327706, 38, 327707, 40, 327708, 38, 327709, 40, 327710, 38, 327711, 40, 327712, 38, 327713, 44, 458751, 11, 393219, 95, 393220, 96, 393224, 1, 393225, 41, 393226, 43, 393227, 43, 393228, 41, 393229, 39, 393230, 43, 393231, 39, 393232, 45, 393235, 56, 393236, 58, 393237, 59, 393238, 61, 393241, 1, 393242, 39, 393243, 41, 393244, 41, 393245, 41, 393246, 41, 393247, 41, 393248, 39, 393249, 45, 458752, 2, 458753, 8, 458754, 11, 458755, 17, 458756, 30, 524288, 3, 524289, 9, 524290, 12, 524291, 79, 524292, 80, 524293, 30, 524325, 105, 524326, 106, 589824, 4, 589825, 20, 589826, 22, 589827, 22, 589828, 83, 589829, 86, 589861, 108, 589862, 107, 655360, 5, 655361, 10, 655362, 22, 655363, 22, 655364, 29, 655365, 86, 655391, 2, 655392, 8, 655393, 11, 655394, 8, 655395, 14, 655396, 11, 655397, 8, 655398, 11, 655399, 8, 655400, 8, 655401, 14, 655402, 11, 655403, 8, 655404, 30, 720896, 6, 720897, 24, 720898, 65, 720899, 64, 720900, 29, 720901, 34, 720924, 2, 720925, 38, 720926, 38, 720927, 77, 720928, 78, 720929, 12, 720930, 15, 720931, 12, 720932, 15, 720933, 83, 720934, 15, 720935, 12, 720936, 15, 720937, 12, 720938, 15, 720939, 83, 720940, 86, 786432, 7, 786433, 25, 786434, 26, 786435, 25, 786436, 28, 786437, 35, 786453, 103, 786454, 104, 786458, 2, 786459, 38, 786460, 77, 786461, 78, 786462, 18, 786463, 81, 786464, 16, 786465, 16, 786466, 16, 786467, 16, 786468, 16, 786469, 16, 786470, 16, 786471, 16, 786472, 16, 786473, 16, 786474, 16, 786475, 29, 786476, 86, 851989, 0, 851990, 40, 851991, 40, 851992, 40, 851993, 38, 851994, 77, 851995, 78, 851996, 81, 851997, 64, 851998, 65, 851999, 64, 852000, 65, 852001, 65, 852002, 64, 852003, 65, 852004, 64, 852005, 64, 852006, 65, 852007, 64, 852008, 65, 852009, 64, 852010, 65, 852011, 29, 852012, 34, 917525, 7, 917526, 25, 917527, 28, 917528, 26, 917529, 28, 917530, 25, 917531, 26, 917532, 28, 917533, 26, 917534, 25, 917535, 28, 917536, 28, 917537, 25, 917538, 25, 917539, 28, 917540, 25, 917541, 28, 917542, 28, 917543, 28, 917544, 25, 917545, 28, 917546, 25, 917547, 28, 917548, 35 )

[node name="player" parent="." instance=ExtResource( 2 )]

transform/pos = Vector2( 42, 59 )

[node name="snake_enemie" parent="." instance=ExtResource( 3 )]

editor/display_folded = true
transform/pos = Vector2( 512, 67 )

[node name="anim_2" type="AnimationPlayer" parent="snake_enemie"]

playback/process_mode = 1
playback/default_blend_time = 0.0
root/root = NodePath("..")
anims/default = SubResource( 1 )
playback/active = true
playback/speed = 0.35
blend_times = [  ]
autoplay = "default"

[node name="area" type="Area2D" parent="snake_enemie"]

input/pickable = true
shapes/0/shape = SubResource( 2 )
shapes/0/transform = Matrix32( 1, 0, 0, 1, -4, 7 )
shapes/0/trigger = false
gravity_vec = Vector2( 0, 1 )
gravity = 98.0
linear_damp = 0.1
angular_damp = 1.0
collision/layers = 0
script/script = ExtResource( 4 )

[node name="shape_letal" type="CollisionShape2D" parent="snake_enemie/area"]

transform/pos = Vector2( -4, 7 )
shape = SubResource( 2 )
trigger = false
_update_shape_index = 0

[node name="parallax" type="ParallaxBackground" parent="."]

editor/display_folded = true
layer = -1
offset = Vector2( 0, 0 )
rotation = 0.0
scale = Vector2( 1, 1 )
scroll/offset = Vector2( 0, 0 )
scroll/base_offset = Vector2( 0, 0 )
scroll/base_scale = Vector2( 1, 1 )
scroll/limit_begin = Vector2( 0, 0 )
scroll/limit_end = Vector2( 0, 0 )
scroll/ignore_camera_zoom = true

[node name="layer" type="ParallaxLayer" parent="parallax"]

editor/display_folded = true
motion/scale = Vector2( 0, 0 )
motion/offset = Vector2( 0, 0 )
motion/mirroring = Vector2( 320, 0 )

[node name="bg01" type="Sprite" parent="parallax/layer"]

transform/scale = Vector2( 0.83, 0.83 )
texture = ExtResource( 5 )
centered = false
region = true
region_rect = Rect2( 0, 0, 386, 217 )

[node name="layer1" type="ParallaxLayer" parent="parallax"]

editor/display_folded = true
motion/scale = Vector2( 0.25, 0 )
motion/offset = Vector2( 0, 0 )
motion/mirroring = Vector2( 320, 0 )

[node name="bg01" type="Sprite" parent="parallax/layer1"]

transform/scale = Vector2( 0.83, 0.83 )
texture = ExtResource( 6 )
centered = false
region = true
region_rect = Rect2( 0, 0, 386, 217 )

[node name="layer2" type="ParallaxLayer" parent="parallax"]

editor/display_folded = true
motion/scale = Vector2( 0.5, 0 )
motion/offset = Vector2( 0, 0 )
motion/mirroring = Vector2( 320, 0 )

[node name="bg01" type="Sprite" parent="parallax/layer2"]

transform/scale = Vector2( 0.83, 0.83 )
texture = ExtResource( 7 )
centered = false
region = true
region_rect = Rect2( 0, 0, 386, 217 )

[node name="layer3" type="ParallaxLayer" parent="parallax"]

editor/display_folded = true
motion/scale = Vector2( 0.75, 0 )
motion/offset = Vector2( 0, 0 )
motion/mirroring = Vector2( 320, 0 )

[node name="bg01" type="Sprite" parent="parallax/layer3"]

transform/scale = Vector2( 0.83, 0.83 )
texture = ExtResource( 8 )
centered = false
region = true
region_rect = Rect2( 0, 0, 386, 217 )

[node name="layer4" type="ParallaxLayer" parent="parallax"]

editor/display_folded = true
motion/scale = Vector2( 1, 0 )
motion/offset = Vector2( 0, 0 )
motion/mirroring = Vector2( 320, 0 )

[node name="bg01" type="Sprite" parent="parallax/layer4"]

transform/scale = Vector2( 0.83, 0.83 )
texture = ExtResource( 9 )
centered = false
region = true
region_rect = Rect2( 0, 0, 386, 217 )

[node name="moedas" type="Node" parent="."]

editor/display_folded = true

[node name="moedas" parent="moedas" instance=ExtResource( 10 )]

transform/pos = Vector2( 144, 144 )

[node name="moedas1" parent="moedas" instance=ExtResource( 10 )]

transform/pos = Vector2( 304, 80 )

[node name="moedas2" parent="moedas" instance=ExtResource( 10 )]

transform/pos = Vector2( 336, 80 )

[node name="moedas3" parent="moedas" instance=ExtResource( 10 )]

transform/pos = Vector2( 368, 80 )

[node name="moedas4" parent="moedas" instance=ExtResource( 10 )]

transform/pos = Vector2( 384, 192 )

[node name="block" parent="." instance=ExtResource( 11 )]

transform/pos = Vector2( 192, 64 )
collision/mask = 2

[node name="block 2" parent="." instance=ExtResource( 11 )]

transform/pos = Vector2( 667.159, 148.841 )

[node name="platforms" type="Node" parent="."]

editor/display_folded = true

[node name="platform_wood" parent="platforms" instance=ExtResource( 12 )]

transform/pos = Vector2( 144, 160 )
collision/margin = 0.1

[node name="anim" type="AnimationPlayer" parent="platforms/platform_wood"]

playback/process_mode = 0
playback/default_blend_time = 0.0
root/root = NodePath("..")
anims/default = SubResource( 3 )
playback/active = true
playback/speed = 0.2
blend_times = [  ]
autoplay = "default"

[node name="platform_wood 2" parent="platforms" instance=ExtResource( 12 )]

transform/pos = Vector2( 288, 208 )

[node name="anim" type="AnimationPlayer" parent="platforms/platform_wood 2"]

playback/process_mode = 0
playback/default_blend_time = 0.0
root/root = NodePath("..")
anims/default = SubResource( 4 )
playback/active = true
playback/speed = 0.2
blend_times = [  ]
autoplay = "default"

[node name="break_block" parent="." instance=ExtResource( 13 )]

transform/pos = Vector2( 208, 32 )
moedas = 2

[node name="break_block1" parent="." instance=ExtResource( 13 )]

transform/pos = Vector2( 304, 32 )
texture = SubResource( 5 )
moedas = 2

[node name="break_block2" parent="." instance=ExtResource( 13 )]

transform/pos = Vector2( 320, 32 )
texture = SubResource( 6 )
moedas = 3

[node name="break_block3" parent="." instance=ExtResource( 13 )]

transform/pos = Vector2( 336, 32 )
texture = SubResource( 7 )
moedas = 5

[node name="map2" type="TileMap" parent="."]

mode = 0
tile_set = ExtResource( 1 )
cell/size = Vector2( 16, 16 )
cell/quadrant_size = 16
cell/custom_transform = Matrix32( 1, 0, 0, 1, 0, 0 )
cell/half_offset = 2
cell/tile_origin = 0
cell/y_sort = false
collision/use_kinematic = false
collision/friction = 1.0
collision/bounce = 0.0
collision/layers = 1
collision/mask = 1
occluder/light_mask = 1
tile_data = IntArray( 262156, 62, 262157, 63, 262172, 93, 262173, 94, 393217, 87, 393218, 88 )

[node name="tips" type="Node" parent="."]

editor/display_folded = true

[node name="tip" parent="tips" instance=ExtResource( 15 )]

transform/pos = Vector2( 159.191, 35.4729 )
width = 333
height = 181

[node name="tip_content" type="Node2D" parent="tips/tip"]

script/script = ExtResource( 16 )

[node name="label" type="Label" parent="tips/tip/tip_content"]

rect/scale = Vector2( 0.3, 0.3 )
focus/ignore_mouse = true
focus/stop_mouse = true
size_flags/horizontal = 2
size_flags/vertical = 0
margin/left = -23.0
margin/top = -12.0
margin/right = 133.0
margin/bottom = 69.0
custom_fonts/font = ExtResource( 17 )
custom_colors/font_color = Color( 0, 0, 0, 1 )
text = "O verdadeiro caminho será sempre a esquerda!"
align = 1
valign = 1
autowrap = true
clip_text = true
percent_visible = 1.0
lines_skipped = 0
max_lines_visible = -1
script/script = ExtResource( 18 )
wt = 0.05

[node name="controller" type="Node" parent="."]

editor/display_folded = true
script/script = ExtResource( 19 )
player = NodePath("../player")

[node name="camera" type="Camera2D" parent="controller"]

anchor_mode = 1
rotating = false
current = false
zoom = Vector2( 0.9, 0.9 )
limit/left = -10000000
limit/top = -10000000
limit/right = 10000000
limit/bottom = 10000000
drag_margin/h_enabled = true
drag_margin/v_enabled = true
smoothing/enable = false
smoothing/speed = 5.0
drag_margin/left = 0.2
drag_margin/top = 0.2
drag_margin/right = 0.2
drag_margin/bottom = 0.2

[node name="respaw_point" type="Position2D" parent="controller"]

transform/pos = Vector2( 42, 62 )

[node name="respaw_timer" type="Timer" parent="controller"]

process_mode = 1
wait_time = 3.5
one_shot = true
autostart = false

[node name="down_plataform" parent="." instance=ExtResource( 20 )]

transform/pos = Vector2( 575, 128 )
collision/margin = 0.01

[node name="gyratory_mass" parent="." instance=ExtResource( 21 )]

transform/pos = Vector2( 525.55, 93.002 )

[connection signal="body_enter" from="snake_enemie/area" to="snake_enemie/area" method="_on_area_body_enter"]

[connection signal="timeout" from="controller/respaw_timer" to="controller" method="_on_respaw_timer_timeout"]


