[gd_scene load_steps=8 format=1]

[ext_resource path="res://scripts/spike_boss.gd" type="Script" id=1]
[ext_resource path="res://sprites/tileset/main/Tiles/7.png" type="Texture" id=2]
[ext_resource path="res://sprites/tileset/main/Tiles/5.png" type="Texture" id=3]
[ext_resource path="res://sprites/tileset/main/Tiles/2.png" type="Texture" id=4]
[ext_resource path="res://sprites/tileset/main/Tiles/11.png" type="Texture" id=5]
[ext_resource path="res://sprites/tileset/metal-spikes.png" type="Texture" id=6]

[sub_resource type="RectangleShape2D" id=1]

custom_solver_bias = 0.0
extents = Vector2( 126, 30 )

[node name="spikes" type="Node2D"]

transform/pos = Vector2( 337, 48 )
transform/rot = 90.0
transform/scale = Vector2( 0.5, 0.5 )
script/script = ExtResource( 1 )
tempo = 2

[node name="dirty" type="Node2D" parent="."]

editor/display_folded = true

[node name="dirty" type="Sprite" parent="dirty"]

transform/pos = Vector2( 94, 58 )
transform/scale = Vector2( 0.5, 0.5 )
texture = ExtResource( 2 )

[node name="dirty4" type="Sprite" parent="dirty"]

transform/pos = Vector2( 94, 122 )
transform/scale = Vector2( 0.5, 0.5 )
texture = ExtResource( 3 )

[node name="dirty5" type="Sprite" parent="dirty"]

transform/pos = Vector2( 30, 122 )
transform/scale = Vector2( 0.5, 0.5 )
texture = ExtResource( 3 )

[node name="dirty6" type="Sprite" parent="dirty"]

transform/pos = Vector2( -34, 122 )
transform/scale = Vector2( 0.5, 0.5 )
texture = ExtResource( 3 )

[node name="dirty7" type="Sprite" parent="dirty"]

transform/pos = Vector2( -94, 122 )
transform/scale = Vector2( 0.5, 0.5 )
texture = ExtResource( 3 )

[node name="dirty8" type="Sprite" parent="dirty"]

transform/pos = Vector2( -94, 186 )
transform/scale = Vector2( 0.5, 0.5 )
texture = ExtResource( 3 )

[node name="dirty9" type="Sprite" parent="dirty"]

transform/pos = Vector2( -30, 186 )
transform/scale = Vector2( 0.5, 0.5 )
texture = ExtResource( 3 )

[node name="dirty10" type="Sprite" parent="dirty"]

transform/pos = Vector2( 34, 186 )
transform/scale = Vector2( 0.5, 0.5 )
texture = ExtResource( 3 )

[node name="dirty11" type="Sprite" parent="dirty"]

transform/pos = Vector2( 94, 186 )
transform/scale = Vector2( 0.5, 0.5 )
texture = ExtResource( 3 )

[node name="dirty12" type="Sprite" parent="dirty"]

transform/pos = Vector2( 94, 250 )
transform/scale = Vector2( 0.5, 0.5 )
texture = ExtResource( 3 )

[node name="dirty13" type="Sprite" parent="dirty"]

transform/pos = Vector2( 30, 250 )
transform/scale = Vector2( 0.5, 0.5 )
texture = ExtResource( 3 )

[node name="dirty14" type="Sprite" parent="dirty"]

transform/pos = Vector2( -34, 250 )
transform/scale = Vector2( 0.5, 0.5 )
texture = ExtResource( 3 )

[node name="dirty15" type="Sprite" parent="dirty"]

transform/pos = Vector2( -94, 250 )
transform/scale = Vector2( 0.5, 0.5 )
texture = ExtResource( 3 )

[node name="dirty16" type="Sprite" parent="dirty"]

transform/pos = Vector2( -94, 314 )
transform/scale = Vector2( 0.5, 0.5 )
texture = ExtResource( 3 )

[node name="dirty17" type="Sprite" parent="dirty"]

transform/pos = Vector2( -30, 314 )
transform/scale = Vector2( 0.5, 0.5 )
texture = ExtResource( 3 )

[node name="dirty18" type="Sprite" parent="dirty"]

transform/pos = Vector2( 34, 314 )
transform/scale = Vector2( 0.5, 0.5 )
texture = ExtResource( 3 )

[node name="dirty19" type="Sprite" parent="dirty"]

transform/pos = Vector2( 94, 314 )
transform/scale = Vector2( 0.5, 0.5 )
texture = ExtResource( 3 )

[node name="dirty20" type="Sprite" parent="dirty"]

transform/pos = Vector2( 94, 378 )
transform/scale = Vector2( 0.5, 0.5 )
texture = ExtResource( 3 )

[node name="dirty21" type="Sprite" parent="dirty"]

transform/pos = Vector2( 30, 378 )
transform/scale = Vector2( 0.5, 0.5 )
texture = ExtResource( 3 )

[node name="dirty22" type="Sprite" parent="dirty"]

transform/pos = Vector2( -34, 378 )
transform/scale = Vector2( 0.5, 0.5 )
texture = ExtResource( 3 )

[node name="dirty23" type="Sprite" parent="dirty"]

transform/pos = Vector2( -94, 378 )
transform/scale = Vector2( 0.5, 0.5 )
texture = ExtResource( 3 )

[node name="dirty1" type="Sprite" parent="dirty"]

transform/pos = Vector2( 30, 58 )
transform/scale = Vector2( 0.5, 0.5 )
texture = ExtResource( 4 )

[node name="dirty2" type="Sprite" parent="dirty"]

transform/pos = Vector2( -34, 58 )
transform/scale = Vector2( 0.5, 0.5 )
texture = ExtResource( 4 )

[node name="dirty3" type="Sprite" parent="dirty"]

transform/pos = Vector2( -94, 58 )
transform/scale = Vector2( 0.5, 0.5 )
texture = ExtResource( 5 )

[node name="sprite" type="Sprite" parent="."]

texture = ExtResource( 6 )

[node name="area" type="Area2D" parent="."]

visibility/visible = false
input/pickable = true
shapes/0/shape = SubResource( 1 )
shapes/0/transform = Matrix32( 1, 0, 0, 1, 0, 0 )
shapes/0/trigger = false
gravity_vec = Vector2( 0, 1 )
gravity = 98.0
linear_damp = 0.1
angular_damp = 1.0
collision/layers = 0
collision/mask = 17

[node name="shape" type="CollisionShape2D" parent="area"]

shape = SubResource( 1 )
trigger = false
_update_shape_index = 0

[node name="timer" type="Timer" parent="."]

process_mode = 1
wait_time = 0.5
one_shot = false
autostart = true

[connection signal="body_enter" from="area" to="." method="_on_area_body_enter"]

[connection signal="timeout" from="timer" to="." method="_on_timer_timeout"]


